<?xml version="1.0" encoding="UTF-8"?><collection xmlns="http://www.loc.gov/MARC21/slim"><record><leader>00423nam--2200169-u-4500</leader><controlfield tag="001">000051740</controlfield><controlfield tag="002">20161230</controlfield><controlfield tag="005">20161230201049</controlfield><controlfield tag="008">080919s1000------------r-----000-0-eng-d</controlfield><datafield ind1=" " ind2=" " tag="040"><subfield code="a">IFIN-HH</subfield></datafield><datafield ind1=" " ind2=" " tag="080"><subfield code="a">517.91</subfield></datafield><datafield ind1="1" ind2=" " tag="100"><subfield code="a">Nemytskii,V.V.i Stepanov,V.V</subfield></datafield><datafield ind1="1" ind2="0" tag="245"><subfield code="a">Kachestvennaya Teoriya differentsialnykh uravnenii</subfield></datafield><datafield ind1=" " ind2=" " tag="260"><subfield code="a">Moskva</subfield><subfield code="c">1949</subfield></datafield><datafield ind1=" " ind2=" " tag="300"><subfield code="a">550 p</subfield></datafield><datafield ind1=" " ind2=" " tag="852"><subfield code="a">12</subfield><subfield code="c">517.9</subfield></datafield><datafield ind1=" " ind2=" " tag="CAT"><subfield code="a">Sys</subfield><subfield code="c">20080919</subfield><subfield code="h">075203</subfield></datafield></record></collection>